@misc{virt,
		title="Н.Вирт Алгоритмы и структуры данных",
		year=1989
}

@misc{model,
		title="М. В. Ульянов Ресурсно-эффективные компьютерные алгоритмы. Разработка и анализ.",
		year=2007
}

@misc{alg,
		title="Д. А. Погорелов, А. М. Таразанов Оптимизация классического алгоритма Винограда для перемножения матриц.",
		year=2019
}

@misc{alg2,
	title="Умножение матриц. [Электронный ресурс]",
	howpublished="Режим доступа: \url{http://www.algolib.narod.ru/Math/Matrix.html} (дата обращения: 10.10.2023)"
}

